<?xml version="1.0" encoding="UTF-8"?>
<collection xmlns:xsi="http://www.w3.org/2001/XMLSchema-instance" xsi:schemaLocation="http://www.loc.gov/MARC21/slim http://www.loc.gov/standards/marcxml/schema/MARC21slim.xsd" xmlns="http://www.loc.gov/MARC21/slim">
<record>
  <leader>02276cam a22003737  4500</leader>
  <controlfield tag="001">3063239</controlfield>
  <controlfield tag="003">NNC</controlfield>
  <controlfield tag="005">20130426014924.0</controlfield>
  <controlfield tag="008">890331s1953    ua            000 0 ara  </controlfield>
  <datafield tag="010" ind1=" " ind2=" ">
    <subfield code="a">   75587334 </subfield>
  </datafield>
  <datafield tag="035" ind1=" " ind2=" ">
    <subfield code="a">(OCoLC)505222195</subfield>
  </datafield>
  <datafield tag="035" ind1=" " ind2=" ">
    <subfield code="a">(OCoLC)ocn505222195</subfield>
  </datafield>
  <datafield tag="035" ind1=" " ind2=" ">
    <subfield code="9">ATN5034CU</subfield>
  </datafield>
  <datafield tag="035" ind1=" " ind2=" ">
    <subfield code="a">(NNC)3063239</subfield>
  </datafield>
  <datafield tag="040" ind1=" " ind2=" ">
    <subfield code="a">DLC</subfield>
    <subfield code="c">DLC</subfield>
    <subfield code="d">MH</subfield>
    <subfield code="d">CStRLIN</subfield>
    <subfield code="d">UkEU</subfield>
  </datafield>
  <datafield tag="066" ind1=" " ind2=" ">
    <subfield code="c">(3</subfield>
  </datafield>
  <datafield tag="100" ind1="1" ind2=" ">
    <subfield code="6">880-01</subfield>
    <subfield code="a">Ibn Abī Ḥātim, ʻAbd al-Raḥmān ibn Muḥammad,</subfield>
    <subfield code="d">854 or 855-938.</subfield>
  </datafield>
  <datafield tag="245" ind1="1" ind2="0">
    <subfield code="6">880-02</subfield>
    <subfield code="a">Ādāb al-Shāfiʻī wa-manāqibuh :</subfield>
    <subfield code="b">hadīth wa-fiqh, firāsah wa-ṭibb, tārīkh wa-adab, lughah wa-nasab /</subfield>
    <subfield code="c">li-Abī Muḥammad ʻAbd al-Raḥmān ibn Abī Ḥātim al-Rāzī ; kataba kalimah ʻanhu Muḥammad Zāhid ibn al-Ḥasan al-Kawtharī; qaddama lahu wa-ḥaqqaqa aṣlahu wa-ʻallaqa ʻalayhi     ʻAbd al-Ghanī ʻAbd al-Khāliq ; ʻaná bi-nashrihi wa-waqafa ʻalá ṭabʻihi al- Sayyid ʻIzzat al-ʻAṭṭār al-Ḥusaynī.</subfield>
  </datafield>
  <datafield tag="260" ind1=" " ind2=" ">
    <subfield code="6">880-03</subfield>
    <subfield code="a">al-Qāhirah :</subfield>
    <subfield code="b">yuṭlab min Muḥammad Najīb Amīn al-Khānjī,</subfield>
    <subfield code="c">1953.</subfield>
  </datafield>
  <datafield tag="300" ind1=" " ind2=" ">
    <subfield code="a">388 p. ;</subfield>
    <subfield code="c">25 cm.</subfield>
  </datafield>
  <datafield tag="490" ind1="1" ind2=" ">
    <subfield code="6">880-04</subfield>
    <subfield code="a">Kutub Nādirah</subfield>
  </datafield>
  <datafield tag="504" ind1=" " ind2=" ">
    <subfield code="a">Includes bibliographical references and indexes.</subfield>
  </datafield>
  <datafield tag="600" ind1="1" ind2="0">
    <subfield code="6">880-05</subfield>
    <subfield code="a">Shāfiʻī, Muḥammad ibn Idrīs,</subfield>
    <subfield code="d">767 or 768-820.</subfield>
  </datafield>
  <datafield tag="700" ind1="1" ind2=" ">
    <subfield code="6">880-06</subfield>
    <subfield code="a">ʻAbd al-Khāliq, ʻAbd al-Ghanī.</subfield>
  </datafield>
  <datafield tag="830" ind1=" " ind2="0">
    <subfield code="6">880-07</subfield>
    <subfield code="a">Kutub Nādirah.</subfield>
  </datafield>
  <datafield tag="880" ind1="1" ind2=" ">
    <subfield code="6">100-01/(3/r</subfield>
    <subfield code="a">ابن ابي حاتم، عبد الرحمن ابن محمد.</subfield>
  </datafield>
  <datafield tag="880" ind1="1" ind2="0">
    <subfield code="6">245-02/(3/r</subfield>
    <subfield code="a">اداب الشافعي و مناقبة :</subfield>
    <subfield code="b">حديث وفقة. فراسة وطب. تاريخ وادب. لغة ونسب/</subfield>
    <subfield code="c">للامام الجليل ابي محمد عبد الرحمن ابن ابي حاتم الرازي؛ كتب كلمة عنه محمد زاهد بن الحسين الكوثري؛ قدم له و حقق اصله و علق عليه عبد الخني عبد الخالق.</subfield>
  </datafield>
  <datafield tag="880" ind1=" " ind2=" ">
    <subfield code="6">260-03/(3/r</subfield>
    <subfield code="a">القاهرة:</subfield>
    <subfield code="b">يطلب من محمد نجيب امين الخانجي،</subfield>
    <subfield code="c">١٩٥٣.</subfield>
  </datafield>
  <datafield tag="880" ind1="1" ind2=" ">
    <subfield code="6">490-04/(3/r</subfield>
    <subfield code="a">كتب نادرة.</subfield>
  </datafield>
  <datafield tag="880" ind1="1" ind2="0">
    <subfield code="6">600-05/(3/r</subfield>
    <subfield code="a">شافعي، محمد ابن إدريس.</subfield>
  </datafield>
  <datafield tag="880" ind1="1" ind2=" ">
    <subfield code="6">700-06/(3/r</subfield>
    <subfield code="a">عبد الخالق، غبد الغني.</subfield>
  </datafield>
  <datafield tag="880" ind1=" " ind2="0">
    <subfield code="6">830-07/(3/r</subfield>
    <subfield code="a">كتب نادرة.</subfield>
  </datafield>
  <datafield tag="955" ind1=" " ind2=" ">
    <subfield code="b">CU58846379</subfield>
    <subfield code="d">off,glx</subfield>
    <subfield code="e">893.799 Sh1344</subfield>
  </datafield>
</record>
</collection>